Name,date,bid,ask,credit spread,yield,bid-ask,GDP,CPIAUCSL,UNRATE,PCE
XS1451090192 ISIN,2019/1/31,102.866,103.124,200.584,1.887,-0.258,21111.6,252.561,4,14084.6
XS1451090192 ISIN,2019/2/28,103.505,103.748,199.869,1.837,-0.243,21111.6,253.319,3.8,14117.4
XS1451090192 ISIN,2019/3/29,105.071,105.318,200.347,1.717,-0.247,21111.6,254.277,3.8,14248.6
XS1451090192 ISIN,2019/4/30,105.369,105.603,203.443,1.693,-0.234,21397.938,255.233,3.7,14290
XS1451090192 ISIN,2019/5/31,105.343,105.571,200.178,1.693,-0.228,21397.938,255.296,3.6,14353.3
XS1451090192 ISIN,2019/6/28,105.371,105.585,199.962,1.689,-0.214,21397.938,255.213,3.6,14408.7
XS1451090192 ISIN,2019/7/31,105.208,105.405,198.412,1.7,-0.197,21717.171,255.802,3.7,14496
XS1451090192 ISIN,2019/8/30,105.001,105.195,228.491,1.714,-0.194,21717.171,256.036,3.6,14558.2
XS1451090192 ISIN,2019/9/30,104.796,104.979,219.53,1.729,-0.183,21717.171,256.43,3.5,14590.6
XS1451090192 ISIN,2019/10/31,104.447,104.623,204.378,1.754,-0.176,21933.217,257.155,3.6,14617.4
XS1451090192 ISIN,2019/11/29,104.264,104.435,200.819,1.767,-0.171,21933.217,257.879,3.6,14711
XS1451090192 ISIN,2019/12/31,104.433,104.575,181.925,1.753,-0.142,21933.217,258.63,3.6,14774.8
XS1451090192 ISIN,2020/1/31,104.341,104.476,209.384,1.759,-0.135,21727.657,259.127,3.6,14844.3
XS1451090192 ISIN,2020/2/28,104.1,104.229,229.356,1.776,-0.129,21727.657,259.25,3.5,14833.8
XS1451090192 ISIN,2020/3/31,95.914,96.696,280.434,2.44,-0.782,21727.657,258.076,4.4,13810.5
XS1451090192 ISIN,2020/4/30,102.183,102.296,243.614,1.931,-0.113,19935.444,256.032,14.8,12234.4
XS1451090192 ISIN,2020/5/29,102.592,102.701,222.446,1.896,-0.109,19935.444,255.802,13.2,13251.7
XS1451090192 ISIN,2020/6/30,102.805,102.909,219.116,1.877,-0.104,19935.444,257.042,11,14040.8
XS1451090192 ISIN,2020/7/31,102.859,102.957,226.607,1.872,-0.098,21684.551,258.352,10.2,14303.8
XS1451090192 ISIN,2020/8/31,102.724,102.816,212.799,1.882,-0.092,21684.551,259.316,8.4,14454.9
XS1451090192 ISIN,2020/9/30,102.617,102.703,227.394,1.89,-0.086,21684.551,259.997,7.8,14675.4
XS1451090192 ISIN,2020/10/30,102.49,102.57,239.721,1.9,-0.08,22068.767,260.319,6.9,14726
XS1451090192 ISIN,2020/11/30,102.326,102.4,235.09,1.913,-0.074,22068.767,260.911,6.7,14704.9
XS1451090192 ISIN,2020/12/31,102.106,102.174,237.689,1.931,-0.068,22068.767,262.045,6.7,14827.3
XS1451090192 ISIN,2021/1/29,101.944,102.006,234.806,1.945,-0.062,22656.793,262.639,6.4,15081.5
XS1451090192 ISIN,2021/2/26,101.735,101.792,209.438,1.962,-0.057,22656.793,263.573,6.2,14984.4
XS1451090192 ISIN,2021/3/31,101.533,101.583,211.888,1.98,-0.05,22656.793,264.847,6.1,15712.4
XS1451090192 ISIN,2021/4/30,101.396,101.44,203.843,1.991,-0.044,23368.861,266.625,6.1,15915
XS1451090192 ISIN,2021/5/31,101.199,101.237,203.398,2.009,-0.038,23368.861,268.404,5.8,15950.5
XS1451090192 ISIN,2021/6/30,101.017,101.05,210.668,2.025,-0.033,23368.861,270.71,5.9,16183.6
XS1451090192 ISIN,2021/7/30,100.819,100.845,237.461,2.043,-0.026,23921.991,271.965,5.4,16223.5
XS1451090192 ISIN,2021/8/31,100.638,100.658,232.719,2.059,-0.02,23921.991,272.752,5.1,16390.6
XS1451090192 ISIN,2021/9/30,100.436,100.451,215.19,2.078,-0.015,23921.991,273.942,4.7,16477.5
XS1451090192 ISIN,2021/10/29,100.262,100.27,214.11,2.095,-0.008,24777.038,276.528,4.5,16694
XS1451090192 ISIN,2021/11/30,100.068,100.071,238.106,2.113,-0.003,24777.038,278.824,4.2,16849
XS1451090192 ISIN,2021/12/31,101.892,101.962,202.406,1.938,-0.07,24777.038,280.806,3.9,16905.5
XS1451090192 ISIN,2022/1/31,101.512,101.576,190.458,1.973,-0.064,25215.491,282.542,4,17017.8
XS1451090192 ISIN,2022/2/28,99.397,100.14,194.963,2.142,-0.743,25215.491,284.525,3.8,17136.1
XS1451090192 ISIN,2022/3/31,96.811,97.53,181.329,2.4,-0.719,25215.491,287.467,3.7,17371.4
XS1451090192 ISIN,2022/4/29,91.795,92.477,193.883,2.928,-0.682,25805.791,288.582,3.7,17493.8
XS1451090192 ISIN,2022/5/31,89.637,90.298,198.43,3.172,-0.661,25805.791,291.299,3.6,17569.9
XS1451090192 ISIN,2022/6/30,81.41,81.992,275.285,4.161,-0.582,25805.791,295.072,3.6,17747.6
XS1451090192 ISIN,2022/7/29,90.071,90.723,227.038,3.137,-0.652,26272.011,294.94,3.5,17744
XS1451090192 ISIN,2022/8/31,82.174,82.77,252.294,4.09,-0.596,26272.011,295.162,3.6,17897.5
XS1451090192 ISIN,2022/9/30,77.714,78.265,255.59,4.692,-0.551,26272.011,296.421,3.5,17987.2
XS1451090192 ISIN,2022/10/31,76.957,77.503,263.269,4.812,-0.546,26734.277,297.979,3.6,18096.2
XS1451090192 ISIN,2022/11/30,82.964,83.557,208.607,4.029,-0.593,26734.277,298.708,3.6,18094
XS1451090192 ISIN,2022/12/30,79.271,79.84,194.787,4.53,-0.569,26734.277,298.808,3.5,18134.6
XS1451090192 ISIN,2023/1/31,83.279,83.871,171.953,4.015,-0.592,27164.359,300.456,3.5,18475.2
XS1451090192 ISIN,2023/2/28,79.244,79.811,190.219,4.566,-0.567,27164.359,301.476,3.6,18532.1
XS1451090192 ISIN,2023/3/31,76.869,77.401,260.94,4.92,-0.532,27164.359,301.643,3.5,18511.3
XS1451090192 ISIN,2023/4/28,76.938,77.467,259.488,4.929,-0.529,27453.815,302.858,3.4,18638.7
XS1451090192 ISIN,2023/5/31,75.316,75.831,287.705,5.187,-0.515,27453.815,303.316,3.6,18676.4
XS1451090192 ISIN,2023/6/30,76.197,76.724,267.288,5.079,-0.527,27453.815,304.099,3.6,18742.1
XS1451090192 ISIN,2023/7/31,78.675,79.218,223.724,4.736,-0.543,27967.697,304.615,3.5,18850.5
XS1451090192 ISIN,2023/8/31,77.939,78.469,239.17,4.864,-0.53,27967.697,306.138,3.7,18911.6
XS1451090192 ISIN,2023/9/29,78.361,78.898,197.222,4.822,-0.537,27967.697,307.374,3.8,19024.9
XS1451090192 ISIN,2023/10/31,79.22,79.761,189.408,4.716,-0.541,28296.967,307.653,3.9,19069.5
XS1451090192 ISIN,2023/11/30,82.117,82.686,185.884,4.32,-0.569,28296.967,308.087,3.7,19151
XS1451090192 ISIN,2023/12/29,85.379,85.976,184.752,3.883,-0.597,28296.967,308.735,3.8,19289.9
XS1451090192 ISIN,2024/1/31,84.901,85.482,181.162,3.962,-0.581,28624.069,309.794,3.7,19308.5
XS1451090192 ISIN,2024/2/29,85.038,85.619,155.726,3.958,-0.581,28624.069,311.022,3.9,19412.7
XS1451090192 ISIN,2024/3/29,87.005,87.601,141.534,3.702,-0.596,28624.069,312.107,3.9,19553.2
XS1451090192 ISIN,2024/4/30,85.084,85.665,140.371,3.98,-0.581,29016.714,313.016,3.9,19603.3
XS1451090192 ISIN,2024/5/31,84.457,85.029,144.752,4.084,-0.572,29016.714,313.14,4,19697.3
XS1451090192 ISIN,2024/6/28,85.481,86.061,147.707,3.953,-0.58,29016.714,313.131,4.1,19747.5
XS1451090192 ISIN,2024/7/31,87.539,88.128,141.667,3.678,-0.589,29374.914,313.566,4.2,19866.3
XS1451090192 ISIN,2024/8/30,86.876,87.459,154.209,3.785,-0.583,29374.914,314.131,4.2,19905
XS1451090192 ISIN,2024/9/30,88.278,88.869,152.572,3.601,-0.591,29374.914,314.851,4.1,20044.1
XS1451090192 ISIN,2024/10/31,87.532,88.119,136.386,3.72,-0.587,29723.864,315.564,4.1,20123.2
XS1451090192 ISIN,2024/11/29,90.271,90.869,129.634,3.347,-0.598,29723.864,316.449,4.2,20235.1
XS1451090192 ISIN,2024/12/31,88.549,89.134,127.435,3.601,-0.585,29723.864,317.603,4.1,20408.1
XS1451093709 ISIN,2019/1/31,102.447,102.627,,1.882,-0.18,21111.6,252.561,4,14084.6
XS1451093709 ISIN,2019/2/28,102.831,102.997,,1.852,-0.166,21111.6,253.319,3.8,14117.4
XS1451093709 ISIN,2019/3/29,103.48,103.643,,1.801,-0.163,21111.6,254.277,3.8,14248.6
XS1451093709 ISIN,2019/4/30,103.424,103.573,,1.804,-0.149,21397.938,255.233,3.7,14290
XS1451093709 ISIN,2019/5/31,103.249,103.391,,1.817,-0.142,21397.938,255.296,3.6,14353.3
XS1451093709 ISIN,2019/6/28,103.08,103.21,,1.829,-0.13,21397.938,255.213,3.6,14408.7
XS1451093709 ISIN,2019/7/31,102.884,103,212.942,1.844,-0.116,21717.171,255.802,3.7,14496
XS1451093709 ISIN,2019/8/30,102.687,102.797,243.078,1.859,-0.11,21717.171,256.036,3.6,14558.2
XS1451093709 ISIN,2019/9/30,102.503,102.604,234.046,1.873,-0.101,21717.171,256.43,3.5,14590.6
XS1451093709 ISIN,2019/10/31,102.24,102.333,218.389,1.893,-0.093,21933.217,257.155,3.6,14617.4
XS1451093709 ISIN,2019/11/29,102.064,102.151,214.903,1.907,-0.087,21933.217,257.879,3.6,14711
XS1451093709 ISIN,2019/12/31,102.107,102.172,197.058,1.903,-0.065,21933.217,258.63,3.6,14774.8
XS1451093709 ISIN,2020/1/31,101.89,101.949,225.659,1.92,-0.059,21727.657,259.127,3.6,14844.3
XS1451093709 ISIN,2020/2/28,101.69,101.743,245.438,1.936,-0.053,21727.657,259.25,3.5,14833.8
XS1451093709 ISIN,2020/3/31,95.36,96.137,281.481,2.45,-0.777,21727.657,258.076,4.4,13810.5
XS1451093709 ISIN,2020/4/30,100.803,100.844,251.577,2.01,-0.041,19935.444,256.032,14.8,12234.4
XS1451093709 ISIN,2020/5/29,100.865,100.9,233.388,2.004,-0.035,19935.444,255.802,13.2,13251.7
XS1451093709 ISIN,2020/6/30,100.786,100.815,232.647,2.011,-0.029,19935.444,257.042,11,14040.8
XS1451093709 ISIN,2020/7/31,100.659,100.682,241.777,2.022,-0.023,21684.551,258.352,10.2,14303.8
XS1451093709 ISIN,2020/8/31,100.502,100.52,228.298,2.035,-0.018,21684.551,259.316,8.4,14454.9
XS1451093709 ISIN,2020/9/30,100.353,100.365,243.374,2.048,-0.012,21684.551,259.997,7.8,14675.4
XS1451093709 ISIN,2020/10/30,100.163,100.169,256.398,2.065,-0.006,22068.767,260.319,6.9,14726
XS1451093709 ISIN,2020/11/30,102.192,102.263,232.425,1.885,-0.071,22068.767,260.911,6.7,14704.9
XS1451093709 ISIN,2020/12/31,101.986,102.051,234.893,1.902,-0.065,22068.767,262.045,6.7,14827.3
XS1451093709 ISIN,2021/1/29,101.826,101.885,232.009,1.915,-0.059,22656.793,262.639,6.4,15081.5
XS1451093709 ISIN,2021/2/26,101.621,101.675,206.631,1.933,-0.054,22656.793,263.573,6.2,14984.4
XS1451093709 ISIN,2021/3/31,101.423,101.47,209.1,1.949,-0.047,22656.793,264.847,6.1,15712.4
XS1451093709 ISIN,2021/4/30,101.263,101.304,201.257,1.963,-0.041,23368.861,266.625,6.1,15915
XS1451093709 ISIN,2021/5/31,101.093,101.129,200.584,1.978,-0.036,23368.861,268.404,5.8,15950.5
XS1451093709 ISIN,2021/6/30,100.913,100.943,207.84,1.994,-0.03,23368.861,270.71,5.9,16183.6
XS1451093709 ISIN,2021/7/30,100.718,100.742,234.616,2.012,-0.024,23921.991,271.965,5.4,16223.5
XS1451093709 ISIN,2021/8/31,100.54,100.557,229.836,2.029,-0.017,23921.991,272.752,5.1,16390.6
XS1451093709 ISIN,2021/9/30,100.342,100.353,212.301,2.047,-0.011,23921.991,273.942,4.7,16477.5
XS1451093709 ISIN,2021/10/29,100.169,100.175,211.1,2.064,-0.006,24777.038,276.528,4.5,16694
XS1451093709 ISIN,2021/11/30,102.001,102.074,215.762,1.889,-0.073,24777.038,278.824,4.2,16849
XS1451093709 ISIN,2021/12/31,101.764,101.831,199.759,1.91,-0.067,24777.038,280.806,3.9,16905.5
XS1451093709 ISIN,2022/1/31,101.377,101.438,187.861,1.945,-0.061,25215.491,282.542,4,17017.8
XS1451093709 ISIN,2022/2/28,99.179,99.924,193.196,2.123,-0.745,25215.491,284.525,3.8,17136.1
XS1451093709 ISIN,2022/3/31,96.538,97.256,180.191,2.388,-0.718,25215.491,287.467,3.7,17371.4
XS1451093709 ISIN,2022/4/29,91.497,92.177,193.267,2.921,-0.68,25805.791,288.582,3.7,17493.8
XS1451093709 ISIN,2022/5/31,89.327,89.987,198.11,3.167,-0.66,25805.791,291.299,3.6,17569.9
XS1451093709 ISIN,2022/6/30,81.123,81.703,275.183,4.159,-0.58,25805.791,295.072,3.6,17747.6
XS1451093709 ISIN,2022/7/29,89.78,90.431,226.547,3.13,-0.651,26272.011,294.94,3.5,17744
XS1451093709 ISIN,2022/8/31,81.895,82.489,252.058,4.086,-0.594,26272.011,295.162,3.6,17897.5
XS1451093709 ISIN,2022/9/30,77.456,78.006,255.366,4.689,-0.55,26272.011,296.421,3.5,17987.2
XS1451093709 ISIN,2022/10/31,76.7,77.245,263.145,4.81,-0.545,26734.277,297.979,3.6,18096.2
XS1451093709 ISIN,2022/11/30,82.681,83.273,208.421,4.027,-0.592,26734.277,298.708,3.6,18094
XS1451093709 ISIN,2022/12/30,79.01,79.577,194.558,4.527,-0.567,26734.277,298.808,3.5,18134.6
XS1451093709 ISIN,2023/1/31,83.002,83.592,171.737,4.012,-0.59,27164.359,300.456,3.5,18475.2
XS1451093709 ISIN,2023/2/28,78.975,79.541,190.188,4.565,-0.566,27164.359,301.476,3.6,18532.1
XS1451093709 ISIN,2023/3/31,76.619,77.15,260.882,4.918,-0.531,27164.359,301.643,3.5,18511.3
XS1451093709 ISIN,2023/4/28,76.692,77.22,259.409,4.927,-0.528,27453.815,302.858,3.4,18638.7
XS1451093709 ISIN,2023/5/31,75.074,75.587,287.766,5.186,-0.513,27453.815,303.316,3.6,18676.4
XS1451093709 ISIN,2023/6/30,75.943,76.468,267.439,5.079,-0.525,27453.815,304.099,3.6,18742.1
XS1451093709 ISIN,2023/7/31,78.418,78.959,223.822,4.736,-0.541,27967.697,304.615,3.5,18850.5
XS1451093709 ISIN,2023/8/31,77.689,78.217,239.282,4.864,-0.528,27967.697,306.138,3.7,18911.6
XS1451093709 ISIN,2023/9/29,78.108,78.644,197.399,4.822,-0.536,27967.697,307.374,3.8,19024.9
XS1451093709 ISIN,2023/10/31,78.968,79.508,189.62,4.716,-0.54,28296.967,307.653,3.9,19069.5
XS1451093709 ISIN,2023/11/30,81.847,82.414,186.163,4.321,-0.567,28296.967,308.087,3.7,19151
XS1451093709 ISIN,2023/12/29,85.139,85.734,184.401,3.878,-0.595,28296.967,308.735,3.8,19289.9
XS1451093709 ISIN,2024/1/31,84.674,85.253,180.798,3.956,-0.579,28624.069,309.794,3.7,19308.5
XS1451093709 ISIN,2024/2/29,84.807,85.386,155.335,3.953,-0.579,28624.069,311.022,3.9,19412.7
XS1451093709 ISIN,2024/3/29,86.773,87.368,141.075,3.695,-0.595,28624.069,312.107,3.9,19553.2
XS1451093709 ISIN,2024/4/30,84.844,85.422,140.19,3.977,-0.578,29016.714,313.016,3.9,19603.3
XS1451093709 ISIN,2024/5/31,84.204,84.774,144.834,4.084,-0.57,29016.714,313.14,4,19697.3
XS1451093709 ISIN,2024/6/28,85.232,85.81,147.719,3.951,-0.578,29016.714,313.131,4.1,19747.5
XS1451093709 ISIN,2024/7/31,87.287,87.874,141.677,3.676,-0.587,29374.914,313.566,4.2,19866.3
XS1451093709 ISIN,2024/8/30,86.631,87.211,154.256,3.783,-0.58,29374.914,314.131,4.2,19905
XS1451093709 ISIN,2024/9/30,88.032,88.621,152.584,3.598,-0.589,29374.914,314.851,4.1,20044.1
XS1451093709 ISIN,2024/10/31,87.299,87.884,136.232,3.716,-0.585,29723.864,315.564,4.1,20123.2
XS1451093709 ISIN,2024/11/29,90.025,90.621,129.509,3.344,-0.596,29723.864,316.449,4.2,20235.1
XS1451093709 ISIN,2024/12/31,88.317,88.9,127.24,3.597,-0.583,29723.864,317.603,4.1,20408.1
US3133EJW545 ISIN,2019/1/31,101.427,102.92,57.228,3.471,-1.493,21111.6,252.561,4,14084.6
US3133EJW545 ISIN,2019/2/28,102.173,103.673,57.965,3.406,-1.5,21111.6,253.319,3.8,14117.4
US3133EJW545 ISIN,2019/3/29,105.812,107.37,57.199,3.097,-1.558,21111.6,254.277,3.8,14248.6
US3133EJW545 ISIN,2019/4/30,103.781,104.966,57.488,3.273,-1.185,21397.938,255.233,3.7,14290
US3133EJW545 ISIN,2019/5/31,109.399,110.655,59.198,2.805,-1.256,21397.938,255.296,3.6,14353.3
US3133EJW545 ISIN,2019/6/28,110.637,111.904,54.797,2.702,-1.267,21397.938,255.213,3.6,14408.7
US3133EJW545 ISIN,2019/7/31,110.575,111.836,53.884,2.703,-1.261,21717.171,255.802,3.7,14496
US3133EJW545 ISIN,2019/8/30,117.287,118.634,53.781,2.177,-1.347,21717.171,256.036,3.6,14558.2
US3133EJW545 ISIN,2019/9/30,115.154,116.466,72.365,2.333,-1.312,21717.171,256.43,3.5,14590.6
US3133EJW545 ISIN,2019/10/31,114.595,115.893,80.12,2.371,-1.298,21933.217,257.155,3.6,14617.4
US3133EJW545 ISIN,2019/11/29,113.454,114.731,78.054,2.455,-1.277,21933.217,257.879,3.6,14711
US3133EJW545 ISIN,2019/12/31,112.053,113.304,70.564,2.562,-1.251,21933.217,258.63,3.6,14774.8
US3133EJW545 ISIN,2020/1/31,117.262,118.576,61.792,2.146,-1.314,21727.657,259.127,3.6,14844.3
US3133EJW545 ISIN,2020/2/28,121.923,123.293,74.4,1.787,-1.37,21727.657,259.25,3.5,14833.8
US3133EJW545 ISIN,2020/3/31,125.516,126.926,72.899,1.517,-1.41,21727.657,258.076,4.4,13810.5
US3133EJW545 ISIN,2020/4/30,124.74,126.132,73.111,1.563,-1.392,19935.444,256.032,14.8,12234.4
US3133EJW545 ISIN,2020/5/29,123.844,125.218,72.259,1.619,-1.374,19935.444,255.802,13.2,13251.7
US3133EJW545 ISIN,2020/6/30,124.707,126.085,72.926,1.546,-1.378,19935.444,257.042,11,14040.8
US3133EJW545 ISIN,2020/7/31,127.909,129.322,39.513,1.302,-1.413,21684.551,258.352,10.2,14303.8
US3133EJW545 ISIN,2020/8/31,123.361,124.707,40.397,1.625,-1.346,21684.551,259.316,8.4,14454.9
US3133EJW545 ISIN,2020/9/30,123.688,125.031,36.896,1.591,-1.343,21684.551,259.997,7.8,14675.4
US3133EJW545 ISIN,2020/10/30,120.987,122.288,37.12,1.787,-1.301,22068.767,260.319,6.9,14726
US3133EJW545 ISIN,2020/11/30,121.735,123.039,37.189,1.72,-1.304,22068.767,260.911,6.7,14704.9
US3133EJW545 ISIN,2020/12/31,120.523,121.805,30.554,1.804,-1.282,22068.767,262.045,6.7,14827.3
US3133EJW545 ISIN,2021/1/29,122.556,123.856,32.095,1.637,-1.3,22656.793,262.639,6.4,15081.5
US3133EJW545 ISIN,2021/2/26,118.01,119.246,30.503,1.988,-1.236,22656.793,263.573,6.2,14984.4
US3133EJW545 ISIN,2021/3/31,114.532,115.718,30.623,2.27,-1.186,22656.793,264.847,6.1,15712.4
US3133EJW545 ISIN,2021/4/30,115.835,117.031,26.714,2.152,-1.196,23368.861,266.625,6.1,15915
US3133EJW545 ISIN,2021/5/31,116.126,117.32,27.388,2.12,-1.194,23368.861,268.404,5.8,15950.5
US3133EJW545 ISIN,2021/6/30,118.492,119.71,28.81,1.914,-1.218,23368.861,270.71,5.9,16183.6
US3133EJW545 ISIN,2021/7/30,121.076,122.318,29.625,1.692,-1.242,23921.991,271.965,5.4,16223.5
US3133EJW545 ISIN,2021/8/31,120.375,121.601,30.33,1.739,-1.226,23921.991,272.752,5.1,16390.6
US3133EJW545 ISIN,2021/9/30,118.223,119.418,36.367,1.909,-1.195,23921.991,273.942,4.7,16477.5
US3133EJW545 ISIN,2021/10/29,118.011,119.197,35.881,1.917,-1.186,24777.038,276.528,4.5,16694
US3133EJW545 ISIN,2021/11/30,119.223,120.418,36.958,1.805,-1.195,24777.038,278.824,4.2,16849
US3133EJW545 ISIN,2021/12/31,118.15,119.325,63.774,1.885,-1.175,24777.038,280.806,3.9,16905.5
US3133EJW545 ISIN,2022/1/31,114.969,116.101,77.206,2.155,-1.132,25215.491,282.542,4,17017.8
US3133EJW545 ISIN,2022/2/28,114.334,115.454,90.978,2.204,-1.12,25215.491,284.525,3.8,17136.1
US3133EJW545 ISIN,2022/3/31,108.408,109.455,91.803,2.751,-1.047,25215.491,287.467,3.7,17371.4
US3133EJW545 ISIN,2022/4/29,102.447,103.421,95.155,3.345,-0.974,25805.791,288.582,3.7,17493.8
US3133EJW545 ISIN,2022/5/31,103.066,104.04,95.932,3.279,-0.974,25805.791,291.299,3.6,17569.9
US3133EJW545 ISIN,2022/6/30,98.939,99.863,102.475,3.718,-0.924,25805.791,295.072,3.6,17747.6
US3133EJW545 ISIN,2022/7/29,100.853,101.793,102.381,3.51,-0.94,26272.011,294.94,3.5,17744
US3133EJW545 ISIN,2022/8/31,95.117,95.989,89.858,4.152,-0.872,26272.011,295.162,3.6,17897.5
US3133EJW545 ISIN,2022/9/30,89.925,90.736,102.155,4.783,-0.811,26272.011,296.421,3.5,17987.2
US3133EJW545 ISIN,2022/10/31,87.905,88.689,104.063,5.047,-0.784,26734.277,297.979,3.6,18096.2
US3133EJW545 ISIN,2022/11/30,91.505,92.323,112.273,4.6,-0.818,26734.277,298.708,3.6,18094
US3133EJW545 ISIN,2022/12/30,88.953,89.739,113.863,4.929,-0.786,26734.277,298.808,3.5,18134.6
US3133EJW545 ISIN,2023/1/31,91.913,92.725,85.996,4.561,-0.812,27164.359,300.456,3.5,18475.2
US3133EJW545 ISIN,2023/2/28,89.794,90.58,70.591,4.836,-0.786,27164.359,301.476,3.6,18532.1
US3133EJW545 ISIN,2023/3/31,92.366,93.173,78.532,4.516,-0.807,27164.359,301.643,3.5,18511.3
US3133EJW545 ISIN,2023/4/28,92.585,93.389,85.479,4.494,-0.804,27453.815,302.858,3.4,18638.7
US3133EJW545 ISIN,2023/5/31,90.342,91.118,86.611,4.789,-0.776,27453.815,303.316,3.6,18676.4
US3133EJW545 ISIN,2023/6/30,88.88,89.637,84.726,4.991,-0.757,27453.815,304.099,3.6,18742.1
US3133EJW545 ISIN,2023/7/31,90.107,90.872,71.641,4.835,-0.765,27967.697,304.615,3.5,18850.5
US3133EJW545 ISIN,2023/8/31,90.258,91.017,81.228,4.823,-0.759,27967.697,306.138,3.7,18911.6
US3133EJW545 ISIN,2023/9/29,86.374,87.09,86.72,5.366,-0.716,27967.697,307.374,3.8,19024.9
US3133EJW545 ISIN,2023/10/31,83.494,84.177,68.186,5.796,-0.683,28296.967,307.653,3.9,19069.5
US3133EJW545 ISIN,2023/11/30,87.76,88.482,75.499,5.194,-0.722,28296.967,308.087,3.7,19151
US3133EJW545 ISIN,2023/12/29,91.21,91.964,66.351,4.728,-0.754,28296.967,308.735,3.8,19289.9
US3133EJW545 ISIN,2024/1/31,91.985,92.741,73.378,4.63,-0.756,28624.069,309.794,3.7,19308.5
US3133EJW545 ISIN,2024/2/29,88.899,89.621,51.499,5.065,-0.722,28624.069,311.022,3.9,19412.7
US3133EJW545 ISIN,2024/3/29,88.945,89.662,56.503,5.069,-0.717,28624.069,312.107,3.9,19553.2
US3133EJW545 ISIN,2024/4/30,86.984,87.677,49.419,5.365,-0.693,29016.714,313.016,3.9,19603.3
US3133EJW545 ISIN,2024/5/31,87.818,88.513,61.675,5.256,-0.695,29016.714,313.14,4,19697.3
US3133EJW545 ISIN,2024/6/28,89.255,89.959,36.234,5.057,-0.704,29016.714,313.131,4.1,19747.5
US3133EJW545 ISIN,2024/7/31,91.456,92.175,,4.751,-0.719,29374.914,313.566,4.2,19866.3
US3133EJW545 ISIN,2024/8/30,94.064,94.801,,4.394,-0.737,29374.914,314.131,4.2,19905
US3133EJW545 ISIN,2024/9/30,94.685,95.422,,4.313,-0.737,29374.914,314.851,4.1,20044.1
US3133EJW545 ISIN,2024/10/31,91.553,92.256,,4.764,-0.703,29723.864,315.564,4.1,20123.2
US3133EJW545 ISIN,2024/11/29,91.603,92.301,,4.766,-0.698,29723.864,316.449,4.2,20235.1
US3133EJW545 ISIN,2024/12/31,90.734,91.418,,4.904,-0.684,29723.864,317.603,4.1,20408.1
US3133EJR438 ISIN,2019/1/31,101.884,103.378,55.366,3.471,-1.494,21111.6,252.561,4,14084.6
US3133EJR438 ISIN,2019/2/28,102.396,103.893,55.376,3.425,-1.497,21111.6,253.319,3.8,14117.4
US3133EJR438 ISIN,2019/3/29,106.027,107.581,56.028,3.116,-1.554,21111.6,254.277,3.8,14248.6
US3133EJR438 ISIN,2019/4/30,104.396,105.914,55.984,3.252,-1.518,21397.938,255.233,3.7,14290
US3133EJR438 ISIN,2019/5/31,109.766,111.371,56.711,2.804,-1.605,21397.938,255.296,3.6,14353.3
US3133EJR438 ISIN,2019/6/28,111.005,112.625,57.129,2.701,-1.62,21397.938,255.213,3.6,14408.7
US3133EJR438 ISIN,2019/7/31,110.94,112.552,57.26,2.702,-1.612,21717.171,255.802,3.7,14496
US3133EJR438 ISIN,2019/8/30,117.641,119.362,57.997,2.176,-1.721,21717.171,256.036,3.6,14558.2
US3133EJR438 ISIN,2019/9/30,115.509,117.185,57.234,2.333,-1.676,21717.171,256.43,3.5,14590.6
US3133EJR438 ISIN,2019/10/31,114.953,116.61,57.507,2.37,-1.657,21933.217,257.155,3.6,14617.4
US3133EJR438 ISIN,2019/11/29,113.808,115.439,59.208,2.454,-1.631,21933.217,257.879,3.6,14711
US3133EJR438 ISIN,2019/12/31,112.363,113.961,55.166,2.565,-1.598,21933.217,258.63,3.6,14774.8
US3133EJR438 ISIN,2020/1/31,117.56,119.237,54.276,2.148,-1.677,21727.657,259.127,3.6,14844.3
US3133EJR438 ISIN,2020/2/28,122.211,123.96,54.173,1.79,-1.749,21727.657,259.25,3.5,14833.8
US3133EJR438 ISIN,2020/3/31,125.778,127.577,72.906,1.521,-1.799,21727.657,258.076,4.4,13810.5
US3133EJR438 ISIN,2020/4/30,125.008,126.785,80.613,1.567,-1.777,19935.444,256.032,14.8,12234.4
US3133EJR438 ISIN,2020/5/29,124.148,125.898,78.39,1.62,-1.75,19935.444,255.802,13.2,13251.7
US3133EJR438 ISIN,2020/6/30,125.101,129.765,59.461,1.432,-4.664,19935.444,257.042,11,14040.8
US3133EJR438 ISIN,2020/7/31,127.593,132.343,55.69,1.239,-4.75,21684.551,258.352,10.2,14303.8
US3133EJR438 ISIN,2020/8/31,122.75,127.259,70.872,1.588,-4.509,21684.551,259.316,8.4,14454.9
US3133EJR438 ISIN,2020/9/30,124.737,125.977,69.38,1.553,-1.24,21684.551,259.997,7.8,14675.4
US3133EJR438 ISIN,2020/10/30,122.018,123.22,69.58,1.749,-1.202,22068.767,260.319,6.9,14726
US3133EJR438 ISIN,2020/11/30,122.757,123.961,68.759,1.683,-1.204,22068.767,260.911,6.7,14704.9
US3133EJR438 ISIN,2020/12/31,121.541,122.725,69.366,1.766,-1.184,22068.767,262.045,6.7,14827.3
US3133EJR438 ISIN,2021/1/29,123.149,124.343,39.295,1.632,-1.194,22656.793,262.639,6.4,15081.5
US3133EJR438 ISIN,2021/2/26,118.602,119.739,40.149,1.983,-1.137,22656.793,263.573,6.2,14984.4
US3133EJR438 ISIN,2021/3/31,115.077,116.167,36.957,2.268,-1.09,22656.793,264.847,6.1,15712.4
US3133EJR438 ISIN,2021/4/30,116.377,117.476,37.183,2.15,-1.099,23368.861,266.625,6.1,15915
US3133EJR438 ISIN,2021/5/31,116.7,117.797,36.962,2.115,-1.097,23368.861,268.404,5.8,15950.5
US3133EJR438 ISIN,2021/6/30,119.028,120.146,30.612,1.912,-1.118,23368.861,270.71,5.9,16183.6
US3133EJR438 ISIN,2021/7/30,121.61,122.751,32.149,1.69,-1.141,23921.991,271.965,5.4,16223.5
US3133EJR438 ISIN,2021/8/31,120.902,122.028,30.571,1.738,-1.126,23921.991,272.752,5.1,16390.6
US3133EJR438 ISIN,2021/9/30,118.745,119.842,30.687,1.907,-1.097,23921.991,273.942,4.7,16477.5
US3133EJR438 ISIN,2021/10/29,118.515,119.604,26.865,1.917,-1.089,24777.038,276.528,4.5,16694
US3133EJR438 ISIN,2021/11/30,119.719,120.816,27.561,1.805,-1.097,24777.038,278.824,4.2,16849
US3133EJR438 ISIN,2021/12/31,118.647,119.725,28.95,1.885,-1.078,24777.038,280.806,3.9,16905.5
US3133EJR438 ISIN,2022/1/31,115.46,116.5,29.777,2.155,-1.04,25215.491,282.542,4,17017.8
US3133EJR438 ISIN,2022/2/28,114.821,115.849,30.504,2.204,-1.028,25215.491,284.525,3.8,17136.1
US3133EJR438 ISIN,2022/3/31,108.876,109.838,36.63,2.752,-0.962,25215.491,287.467,3.7,17371.4
US3133EJR438 ISIN,2022/4/29,102.915,103.809,36.135,3.346,-0.894,25805.791,288.582,3.7,17493.8
US3133EJR438 ISIN,2022/5/31,103.538,104.433,37.167,3.279,-0.895,25805.791,291.299,3.6,17569.9
US3133EJR438 ISIN,2022/6/30,99.425,100.274,63.804,3.716,-0.849,25805.791,295.072,3.6,17747.6
US3133EJR438 ISIN,2022/7/29,101.341,102.205,77.258,3.508,-0.864,26272.011,294.94,3.5,17744
US3133EJR438 ISIN,2022/8/31,95.589,96.39,91.077,4.152,-0.801,26272.011,295.162,3.6,17897.5
US3133EJR438 ISIN,2022/9/30,90.384,91.129,91.955,4.783,-0.745,26272.011,296.421,3.5,17987.2
US3133EJR438 ISIN,2022/10/31,88.401,89.122,94.835,5.042,-0.721,26734.277,297.979,3.6,18096.2
US3133EJR438 ISIN,2022/11/30,91.986,92.738,95.76,4.596,-0.752,26734.277,298.708,3.6,18094
US3133EJR438 ISIN,2022/12/30,89.454,90.177,101.968,4.923,-0.723,26734.277,298.808,3.5,18134.6
US3133EJR438 ISIN,2023/1/31,92.417,93.164,101.837,4.554,-0.747,27164.359,300.456,3.5,18475.2
US3133EJR438 ISIN,2023/2/28,90.276,91,89.516,4.832,-0.724,27164.359,301.476,3.6,18532.1
US3133EJR438 ISIN,2023/3/31,92.84,93.582,101.982,4.513,-0.742,27164.359,301.643,3.5,18511.3
US3133EJR438 ISIN,2023/4/28,93.066,93.806,103.794,4.49,-0.74,27453.815,302.858,3.4,18638.7
US3133EJR438 ISIN,2023/5/31,90.797,91.511,112.254,4.787,-0.714,27453.815,303.316,3.6,18676.4
US3133EJR438 ISIN,2023/6/30,89.306,90.003,114.131,4.992,-0.697,27453.815,304.099,3.6,18742.1
US3133EJR438 ISIN,2023/7/31,90.553,91.257,85.988,4.834,-0.704,27967.697,304.615,3.5,18850.5
US3133EJR438 ISIN,2023/8/31,90.71,91.409,70.497,4.821,-0.699,27967.697,306.138,3.7,18911.6
US3133EJR438 ISIN,2023/9/29,86.833,87.492,78.313,5.363,-0.659,27967.697,307.374,3.8,19024.9
US3133EJR438 ISIN,2023/10/31,84.082,84.713,83.316,5.773,-0.631,28296.967,307.653,3.9,19069.5
US3133EJR438 ISIN,2023/11/30,88.164,88.828,86.98,5.197,-0.664,28296.967,308.087,3.7,19151
US3133EJR438 ISIN,2023/12/29,91.335,92.022,88.855,4.769,-0.687,28296.967,308.735,3.8,19289.9
US3133EJR438 ISIN,2024/1/31,92.429,93.121,71.448,4.627,-0.692,28624.069,309.794,3.7,19308.5
US3133EJR438 ISIN,2024/2/29,89.32,89.98,81.198,5.065,-0.66,28624.069,311.022,3.9,19412.7
US3133EJR438 ISIN,2024/3/29,89.372,90.027,86.609,5.068,-0.655,28624.069,312.107,3.9,19553.2
US3133EJR438 ISIN,2024/4/30,87.405,88.04,68.109,5.364,-0.635,29016.714,313.016,3.9,19603.3
US3133EJR438 ISIN,2024/5/31,88.228,88.864,75.518,5.256,-0.636,29016.714,313.14,4,19697.3
US3133EJR438 ISIN,2024/6/28,89.653,90.297,66.56,5.059,-0.644,29016.714,313.131,4.1,19747.5
US3133EJR438 ISIN,2024/7/31,91.868,92.525,73.458,4.75,-0.657,29374.914,313.566,4.2,19866.3
US3133EJR438 ISIN,2024/8/30,94.483,95.156,51.442,4.392,-0.673,29374.914,314.131,4.2,19905
US3133EJR438 ISIN,2024/9/30,95.112,95.785,56.345,4.31,-0.673,29374.914,314.851,4.1,20044.1
US3133EJR438 ISIN,2024/10/31,91.967,92.61,49.341,4.762,-0.643,29723.864,315.564,4.1,20123.2
US3133EJR438 ISIN,2024/11/29,92.02,92.658,61.465,4.763,-0.638,29723.864,316.449,4.2,20235.1
US3133EJR438 ISIN,2024/12/31,91.145,91.77,36.133,4.901,-0.625,29723.864,317.603,4.1,20408.1
US3130AEJQ42 ISIN,2019/1/31,100.957,101.09,127.993,3.837,-0.133,21111.6,252.561,4,14084.6
US3130AEJQ42 ISIN,2019/2/28,101.039,101.435,128.104,3.817,-0.396,21111.6,253.319,3.8,14117.4
US3130AEJQ42 ISIN,2019/3/29,102.841,103.382,130.23,3.648,-0.541,21111.6,254.277,3.8,14248.6
US3130AEJQ42 ISIN,2019/4/30,102.895,103.253,130.116,3.65,-0.358,21397.938,255.233,3.7,14290
US3130AEJQ42 ISIN,2019/5/31,105.079,105.406,131.584,3.457,-0.327,21397.938,255.296,3.6,14353.3
US3130AEJQ42 ISIN,2019/6/28,105.329,105.726,131.996,3.43,-0.397,21397.938,255.213,3.6,14408.7
US3130AEJQ42 ISIN,2019/7/31,105.111,105.421,132.681,3.451,-0.31,21717.171,255.802,3.7,14496
US3130AEJQ42 ISIN,2019/8/30,107.784,108.084,162.561,3.216,-0.3,21717.171,256.036,3.6,14558.2
US3130AEJQ42 ISIN,2019/9/30,106.129,106.667,158.74,3.346,-0.538,21717.171,256.43,3.5,14590.6
US3130AEJQ42 ISIN,2019/10/31,106.867,107.324,149.611,3.282,-0.457,21933.217,257.155,3.6,14617.4
US3130AEJQ42 ISIN,2019/11/29,106.435,106.763,146.79,3.323,-0.328,21933.217,257.879,3.6,14711
US3130AEJQ42 ISIN,2019/12/31,106.038,106.518,134.445,3.349,-0.48,21933.217,258.63,3.6,14774.8
US3130AEJQ42 ISIN,2020/1/31,107.584,108.025,161.361,3.21,-0.441,21727.657,259.127,3.6,14844.3
US3130AEJQ42 ISIN,2020/2/28,109.057,109.459,185.448,3.079,-0.402,21727.657,259.25,3.5,14833.8
US3130AEJQ42 ISIN,2020/3/31,110.057,110.368,219.994,2.992,-0.311,21727.657,258.076,4.4,13810.5
US3130AEJQ42 ISIN,2020/4/30,110.124,110.398,223.142,2.983,-0.274,19935.444,256.032,14.8,12234.4
US3130AEJQ42 ISIN,2020/5/29,110.75,111.048,210.361,2.923,-0.298,19935.444,255.802,13.2,13251.7
US3130AEJQ42 ISIN,2020/6/30,110.926,111.222,208.157,2.903,-0.296,19935.444,257.042,11,14040.8
US3130AEJQ42 ISIN,2020/7/31,110.726,110.918,224.272,2.92,-0.192,21684.551,258.352,10.2,14303.8
US3130AEJQ42 ISIN,2020/8/31,110.644,110.837,205.248,2.922,-0.193,21684.551,259.316,8.4,14454.9
US3130AEJQ42 ISIN,2020/9/30,110.482,110.666,208.827,2.932,-0.184,21684.551,259.997,7.8,14675.4
US3130AEJQ42 ISIN,2020/10/30,109.752,110.039,195.084,2.987,-0.287,22068.767,260.319,6.9,14726
US3130AEJQ42 ISIN,2020/11/30,109.568,109.852,201.158,2.999,-0.284,22068.767,260.911,6.7,14704.9
US3130AEJQ42 ISIN,2020/12/31,109.485,109.767,194.647,3.002,-0.282,22068.767,262.045,6.7,14827.3
US3130AEJQ42 ISIN,2021/1/29,109.451,109.529,177.888,3.01,-0.078,22656.793,262.639,6.4,15081.5
US3130AEJQ42 ISIN,2021/2/26,108.936,109.109,151.524,3.048,-0.173,22656.793,263.573,6.2,14984.4
US3130AEJQ42 ISIN,2021/3/31,108.293,108.472,123.201,3.103,-0.179,22656.793,264.847,6.1,15712.4
US3130AEJQ42 ISIN,2021/4/30,108.246,108.523,134.132,3.098,-0.277,23368.861,266.625,6.1,15915
US3130AEJQ42 ISIN,2021/5/31,108.055,108.213,141.061,3.118,-0.158,23368.861,268.404,5.8,15950.5
US3130AEJQ42 ISIN,2021/6/30,107.552,107.702,159.112,3.163,-0.15,23368.861,270.71,5.9,16183.6
US3130AEJQ42 ISIN,2021/7/30,107.359,107.61,182.298,3.172,-0.251,23921.991,271.965,5.4,16223.5
US3130AEJQ42 ISIN,2021/8/31,107.107,107.21,179.231,3.2,-0.103,23921.991,272.752,5.1,16390.6
US3130AEJQ42 ISIN,2021/9/30,106.714,106.978,161.624,3.226,-0.264,23921.991,273.942,4.7,16477.5
US3130AEJQ42 ISIN,2021/10/29,105.993,106.257,165.332,3.294,-0.264,24777.038,276.528,4.5,16694
US3130AEJQ42 ISIN,2021/11/30,105.605,105.867,182.386,3.33,-0.262,24777.038,278.824,4.2,16849
US3130AEJQ42 ISIN,2021/12/31,105.002,105.262,180.837,3.388,-0.26,24777.038,280.806,3.9,16905.5
US3130AEJQ42 ISIN,2022/1/31,104.068,104.33,163.6,3.482,-0.262,25215.491,282.542,4,17017.8
US3130AEJQ42 ISIN,2022/2/28,103.265,103.532,167.806,3.563,-0.267,25215.491,284.525,3.8,17136.1
US3130AEJQ42 ISIN,2022/3/31,100.997,101.294,144.088,3.804,-0.297,25215.491,287.467,3.7,17371.4
US3130AEJQ42 ISIN,2022/4/29,98.168,98.495,117.979,4.117,-0.327,25805.791,288.582,3.7,17493.8
US3130AEJQ42 ISIN,2022/5/31,98.829,99.117,114.339,4.045,-0.288,25805.791,291.299,3.6,17569.9
US3130AEJQ42 ISIN,2022/6/30,97.334,97.688,116.243,4.214,-0.354,25805.791,295.072,3.6,17747.6
US3130AEJQ42 ISIN,2022/7/29,98.578,98.834,134.538,4.078,-0.256,26272.011,294.94,3.5,17744
US3130AEJQ42 ISIN,2022/8/31,95.046,95.545,128.547,4.481,-0.499,26272.011,295.162,3.6,17897.5
US3130AEJQ42 ISIN,2022/9/30,90.758,91.389,119.629,5.012,-0.631,26272.011,296.421,3.5,17987.2
US3130AEJQ42 ISIN,2022/10/31,88.299,88.984,125.17,5.337,-0.685,26734.277,297.979,3.6,18096.2
US3130AEJQ42 ISIN,2022/11/30,91.374,92.004,127.811,4.946,-0.63,26734.277,298.708,3.6,18094
US3130AEJQ42 ISIN,2022/12/30,89.867,90.418,126.013,5.155,-0.551,26734.277,298.808,3.5,18134.6
US3130AEJQ42 ISIN,2023/1/31,93.606,94.086,117.797,4.681,-0.48,27164.359,300.456,3.5,18475.2
US3130AEJQ42 ISIN,2023/2/28,91.115,91.644,109.871,5.006,-0.529,27164.359,301.476,3.6,18532.1
US3130AEJQ42 ISIN,2023/3/31,93.445,93.808,122.82,4.719,-0.363,27164.359,301.643,3.5,18511.3
US3130AEJQ42 ISIN,2023/4/28,93.181,93.837,129.809,4.74,-0.656,27453.815,302.858,3.4,18638.7
US3130AEJQ42 ISIN,2023/5/31,92.226,92.898,123.188,4.87,-0.672,27453.815,303.316,3.6,18676.4
US3130AEJQ42 ISIN,2023/6/30,91.797,92.451,112.345,4.936,-0.654,27453.815,304.099,3.6,18742.1
US3130AEJQ42 ISIN,2023/7/31,90.787,91.479,112.255,5.076,-0.692,27967.697,304.615,3.5,18850.5
US3130AEJQ42 ISIN,2023/8/31,90.638,91.201,101.461,5.113,-0.563,27967.697,306.138,3.7,18911.6
US3130AEJQ42 ISIN,2023/9/29,88.417,89.152,84.788,5.422,-0.735,27967.697,307.374,3.8,19024.9
US3130AEJQ42 ISIN,2023/10/31,86.579,87.335,79.262,5.699,-0.756,28296.967,307.653,3.9,19069.5
US3130AEJQ42 ISIN,2023/11/30,90.114,90.822,86.344,5.202,-0.708,28296.967,308.087,3.7,19151
US3130AEJQ42 ISIN,2023/12/29,93.045,93.685,92.966,4.806,-0.64,28296.967,308.735,3.8,19289.9
US3130AEJQ42 ISIN,2024/1/31,92.94,93.623,88.89,4.824,-0.683,28624.069,309.794,3.7,19308.5
US3130AEJQ42 ISIN,2024/2/29,91.176,91.867,83.211,5.079,-0.691,28624.069,311.022,3.9,19412.7
US3130AEJQ42 ISIN,2024/3/29,91.251,91.787,88.4,5.087,-0.536,28624.069,312.107,3.9,19553.2
US3130AEJQ42 ISIN,2024/4/30,88.65,89.241,79.2,5.475,-0.591,29016.714,313.016,3.9,19603.3
US3130AEJQ42 ISIN,2024/5/31,90.033,90.63,79.224,5.281,-0.597,29016.714,313.14,4,19697.3
US3130AEJQ42 ISIN,2024/6/28,91.15,91.661,76.943,5.131,-0.511,29016.714,313.131,4.1,19747.5
US3130AEJQ42 ISIN,2024/7/31,93.563,94.026,76.729,4.791,-0.463,29374.914,313.566,4.2,19866.3
US3130AEJQ42 ISIN,2024/8/30,94.429,94.803,79.887,4.679,-0.374,29374.914,314.131,4.2,19905
US3130AEJQ42 ISIN,2024/9/30,95.77,96.081,76.055,4.496,-0.311,29374.914,314.851,4.1,20044.1
US3130AEJQ42 ISIN,2024/10/31,92.645,93.074,69.23,4.95,-0.429,29723.864,315.564,4.1,20123.2
US3130AEJQ42 ISIN,2024/11/29,93.303,93.681,72.328,4.864,-0.378,29723.864,316.449,4.2,20235.1
US3130AEJQ42 ISIN,2024/12/31,91.333,91.86,63.175,5.161,-0.527,29723.864,317.603,4.1,20408.1
US29364WBA53 ISIN,2019/1/31,101.805,102.47,104.26,3.802,-0.665,21111.6,252.561,4,14084.6
US29364WBA53 ISIN,2019/2/28,101.327,101.985,102.854,3.846,-0.658,21111.6,253.319,3.8,14117.4
US29364WBA53 ISIN,2019/3/29,104.93,105.613,106.928,3.518,-0.683,21111.6,254.277,3.8,14248.6
US29364WBA53 ISIN,2019/4/30,104.512,105.187,106.115,3.554,-0.675,21397.938,255.233,3.7,14290
US29364WBA53 ISIN,2019/5/31,108.021,108.72,100.895,3.241,-0.699,21397.938,255.296,3.6,14353.3
US29364WBA53 ISIN,2019/6/28,110.321,111.034,88.362,3.041,-0.713,21397.938,255.213,3.6,14408.7
US29364WBA53 ISIN,2019/7/31,110.771,111.484,88.532,2.998,-0.713,21717.171,255.802,3.7,14496
US29364WBA53 ISIN,2019/8/30,115.618,116.363,100.994,2.591,-0.745,21717.171,256.036,3.6,14558.2
US29364WBA53 ISIN,2019/9/30,113.728,114.411,99.6,2.742,-0.683,21717.171,256.43,3.5,14590.6
US29364WBA53 ISIN,2019/10/31,114.114,114.84,92.238,2.702,-0.726,21933.217,257.155,3.6,14617.4
US29364WBA53 ISIN,2019/11/29,113.858,114.533,87.086,2.719,-0.675,21933.217,257.879,3.6,14711
US29364WBA53 ISIN,2019/12/31,112.434,113.139,83.403,2.832,-0.705,21933.217,258.63,3.6,14774.8
US29364WBA53 ISIN,2020/1/31,117.08,117.813,84.756,2.437,-0.733,21727.657,259.127,3.6,14844.3
US29364WBA53 ISIN,2020/2/28,119.725,120.471,98.461,2.216,-0.746,21727.657,259.25,3.5,14833.8
US29364WBA53 ISIN,2020/3/31,110.967,111.606,217.416,2.945,-0.639,21727.657,258.076,4.4,13810.5
US29364WBA53 ISIN,2020/4/30,120.101,120.808,142.91,2.169,-0.707,19935.444,256.032,14.8,12234.4
US29364WBA53 ISIN,2020/5/29,120.155,120.906,135.189,2.154,-0.751,19935.444,255.802,13.2,13251.7
US29364WBA53 ISIN,2020/6/30,122.263,123.024,117.115,1.975,-0.761,19935.444,257.042,11,14040.8
US29364WBA53 ISIN,2020/7/31,127.407,128.15,91.051,1.564,-0.743,21684.551,258.352,10.2,14303.8
US29364WBA53 ISIN,2020/8/31,125.136,125.859,88.455,1.729,-0.723,21684.551,259.316,8.4,14454.9
US29364WBA53 ISIN,2020/9/30,124.915,125.631,90.994,1.734,-0.716,21684.551,259.997,7.8,14675.4
US29364WBA53 ISIN,2020/10/30,123.516,124.219,81.628,1.834,-0.703,22068.767,260.319,6.9,14726
US29364WBA53 ISIN,2020/11/30,124.838,125.544,75.523,1.717,-0.706,22068.767,260.911,6.7,14704.9
US29364WBA53 ISIN,2020/12/31,124.295,124.993,70.873,1.747,-0.698,22068.767,262.045,6.7,14827.3
US29364WBA53 ISIN,2021/1/29,121.6,122.32,75.402,1.956,-0.72,22656.793,262.639,6.4,15081.5
US29364WBA53 ISIN,2021/2/26,117.818,118.464,72.876,2.269,-0.646,22656.793,263.573,6.2,14984.4
US29364WBA53 ISIN,2021/3/31,113.575,114.191,77.617,2.637,-0.616,22656.793,264.847,6.1,15712.4
US29364WBA53 ISIN,2021/4/30,114.908,115.529,76.623,2.509,-0.621,23368.861,266.625,6.1,15915
US29364WBA53 ISIN,2021/5/31,115.472,116.134,74.146,2.448,-0.662,23368.861,268.404,5.8,15950.5
US29364WBA53 ISIN,2021/6/30,116.701,117.366,75.835,2.328,-0.665,23368.861,270.71,5.9,16183.6
US29364WBA53 ISIN,2021/7/30,118.94,119.615,78.818,2.119,-0.675,23921.991,271.965,5.4,16223.5
US29364WBA53 ISIN,2021/8/31,116.593,117.248,92.309,2.32,-0.655,23921.991,272.752,5.1,16390.6
US29364WBA53 ISIN,2021/9/30,114.743,115.382,91.263,2.48,-0.639,23921.991,273.942,4.7,16477.5
US29364WBA53 ISIN,2021/10/29,114.409,115.043,88.228,2.503,-0.634,24777.038,276.528,4.5,16694
US29364WBA53 ISIN,2021/11/30,114.089,114.717,102.28,2.525,-0.628,24777.038,278.824,4.2,16849
US29364WBA53 ISIN,2021/12/31,114.046,114.669,95.181,2.52,-0.623,24777.038,280.806,3.9,16905.5
US29364WBA53 ISIN,2022/1/31,110.52,111.117,102.558,2.857,-0.597,25215.491,282.542,4,17017.8
US29364WBA53 ISIN,2022/2/28,107.695,108.271,126.646,3.138,-0.576,25215.491,284.525,3.8,17136.1
US29364WBA53 ISIN,2022/3/31,103.988,104.538,115.789,3.527,-0.55,25215.491,287.467,3.7,17371.4
US29364WBA53 ISIN,2022/4/29,97.785,98.262,126.136,4.228,-0.477,25805.791,288.582,3.7,17493.8
US29364WBA53 ISIN,2022/5/31,99.227,99.742,117.793,4.059,-0.515,25805.791,291.299,3.6,17569.9
US29364WBA53 ISIN,2022/6/30,95.149,95.637,149.727,4.548,-0.488,25805.791,295.072,3.6,17747.6
US29364WBA53 ISIN,2022/7/29,99.262,99.771,135.74,4.056,-0.509,26272.011,294.94,3.5,17744
US29364WBA53 ISIN,2022/8/31,94.325,94.801,144.222,4.659,-0.476,26272.011,295.162,3.6,17897.5
US29364WBA53 ISIN,2022/9/30,88.208,88.646,162.176,5.468,-0.438,26272.011,296.421,3.5,17987.2
US29364WBA53 ISIN,2022/10/31,87.237,87.666,154.13,5.612,-0.429,26734.277,297.979,3.6,18096.2
US29364WBA53 ISIN,2022/11/30,91.602,92.055,140.838,5.026,-0.453,26734.277,298.708,3.6,18094
US29364WBA53 ISIN,2022/12/30,90.111,90.551,134.934,5.235,-0.44,26734.277,298.808,3.5,18134.6
US29364WBA53 ISIN,2023/1/31,94.115,94.575,118.93,4.708,-0.46,27164.359,300.456,3.5,18475.2
US29364WBA53 ISIN,2023/2/28,89.843,90.25,136.643,5.291,-0.407,27164.359,301.476,3.6,18532.1
US29364WBA53 ISIN,2023/3/31,93.595,94.018,131.765,4.79,-0.423,27164.359,301.643,3.5,18511.3
US29364WBA53 ISIN,2023/4/28,94.671,95.126,122.208,4.65,-0.455,27453.815,302.858,3.4,18638.7
US29364WBA53 ISIN,2023/5/31,91.849,92.286,138.595,5.036,-0.437,27453.815,303.316,3.6,18676.4
US29364WBA53 ISIN,2023/6/30,90.353,90.778,140.473,5.254,-0.425,27453.815,304.099,3.6,18742.1
US29364WBA53 ISIN,2023/7/31,90.635,91.058,125.32,5.222,-0.423,27967.697,304.615,3.5,18850.5
US29364WBA53 ISIN,2023/8/31,89.612,90.025,125.648,5.38,-0.413,27967.697,306.138,3.7,18911.6
US29364WBA53 ISIN,2023/9/29,86.76,87.156,123.433,5.813,-0.396,27967.697,307.374,3.8,19024.9
US29364WBA53 ISIN,2023/10/31,83.776,84.153,135.83,6.29,-0.377,28296.967,307.653,3.9,19069.5
US29364WBA53 ISIN,2023/11/30,89.485,89.889,109.803,5.429,-0.404,28296.967,308.087,3.7,19151
US29364WBA53 ISIN,2023/12/29,93.234,93.628,101.448,4.895,-0.394,28296.967,308.735,3.8,19289.9
US29364WBA53 ISIN,2024/1/31,93.121,93.509,101.351,4.918,-0.388,28624.069,309.794,3.7,19308.5
US29364WBA53 ISIN,2024/2/29,90.861,91.137,100.739,5.265,-0.276,28624.069,311.022,3.9,19412.7
US29364WBA53 ISIN,2024/3/29,91.77,92.119,93.468,5.139,-0.349,28624.069,312.107,3.9,19553.2
US29364WBA53 ISIN,2024/4/30,89.05,89.384,87.174,5.561,-0.334,29016.714,313.016,3.9,19603.3
US29364WBA53 ISIN,2024/5/31,90.047,90.313,91.618,5.419,-0.266,29016.714,313.14,4,19697.3
US29364WBA53 ISIN,2024/6/28,89.72,89.984,109.27,5.481,-0.264,29016.714,313.131,4.1,19747.5
US29364WBA53 ISIN,2024/7/31,91.817,92.344,115.235,5.149,-0.527,29374.914,313.566,4.2,19866.3
US29364WBA53 ISIN,2024/8/30,93.36,93.889,106.993,4.924,-0.529,29374.914,314.131,4.2,19905
US29364WBA53 ISIN,2024/9/30,95.614,96.152,87.668,4.593,-0.538,29374.914,314.851,4.1,20044.1
US29364WBA53 ISIN,2024/10/31,92.717,93.365,78.385,5.039,-0.648,29723.864,315.564,4.1,20123.2
US29364WBA53 ISIN,2024/11/29,93.496,94.144,79.235,4.927,-0.648,29723.864,316.449,4.2,20235.1
US29364WBA53 ISIN,2024/12/31,91.462,92.082,73.718,5.257,-0.62,29723.864,317.603,4.1,20408.1
XS1451122573 ISIN,2019/1/31,103.281,104.661,88.69,1.491,-1.38,21111.6,252.561,4,14084.6
XS1451122573 ISIN,2019/2/28,104.081,105.397,94.562,1.431,-1.316,21111.6,253.319,3.8,14117.4
XS1451122573 ISIN,2019/3/29,107.292,108.689,99.458,1.185,-1.397,21111.6,254.277,3.8,14248.6
XS1451122573 ISIN,2019/4/30,109.053,110.439,89.614,1.053,-1.386,21397.938,255.233,3.7,14290
XS1451122573 ISIN,2019/5/31,110.001,111.413,89.18,0.98,-1.412,21397.938,255.296,3.6,14353.3
XS1451122573 ISIN,2019/6/28,112.291,113.698,91.583,0.811,-1.407,21397.938,255.213,3.6,14408.7
XS1451122573 ISIN,2019/7/31,115.748,117.168,86.504,0.563,-1.42,21717.171,255.802,3.7,14496
XS1451122573 ISIN,2019/8/30,119.132,120.636,90.914,0.323,-1.504,21717.171,256.036,3.6,14558.2
XS1451122573 ISIN,2019/9/30,113.542,114.898,118.622,0.707,-1.356,21717.171,256.43,3.5,14590.6
XS1451122573 ISIN,2019/10/31,111.225,112.536,117.381,0.871,-1.311,21933.217,257.155,3.6,14617.4
XS1451122573 ISIN,2019/11/29,110.537,111.862,117.089,0.916,-1.325,21933.217,257.879,3.6,14711
XS1451122573 ISIN,2019/12/31,110.167,111.099,103.381,0.954,-0.932,21933.217,258.63,3.6,14774.8
XS1451122573 ISIN,2020/1/31,114.136,115.101,100.319,0.654,-0.965,21727.657,259.127,3.6,14844.3
XS1451122573 ISIN,2020/2/28,113.578,114.532,121.873,0.689,-0.954,21727.657,259.25,3.5,14833.8
XS1451122573 ISIN,2020/3/31,91.938,92.682,286.852,2.49,-0.744,21727.657,258.076,4.4,13810.5
XS1451122573 ISIN,2020/4/30,103.512,104.36,198.372,1.468,-0.848,19935.444,256.032,14.8,12234.4
XS1451122573 ISIN,2020/5/29,104.406,105.258,173.619,1.392,-0.852,19935.444,255.802,13.2,13251.7
XS1451122573 ISIN,2020/6/30,107.449,108.325,147.679,1.141,-0.876,19935.444,257.042,11,14040.8
XS1451122573 ISIN,2020/7/31,110.624,111.524,130.027,0.885,-0.9,21684.551,258.352,10.2,14303.8
XS1451122573 ISIN,2020/8/31,111.52,112.424,107.909,0.81,-0.904,21684.551,259.316,8.4,14454.9
XS1451122573 ISIN,2020/9/30,111.732,112.632,119.279,0.788,-0.9,21684.551,259.997,7.8,14675.4
XS1451122573 ISIN,2020/10/30,112.033,112.93,127.539,0.759,-0.897,22068.767,260.319,6.9,14726
XS1451122573 ISIN,2020/11/30,113.777,114.685,107.441,0.617,-0.908,22068.767,260.911,6.7,14704.9
XS1451122573 ISIN,2020/12/31,113.959,114.866,105.953,0.595,-0.907,22068.767,262.045,6.7,14827.3
XS1451122573 ISIN,2021/1/29,113.202,114.101,107.155,0.648,-0.899,22656.793,262.639,6.4,15081.5
XS1451122573 ISIN,2021/2/26,110.136,111.006,104.26,0.888,-0.87,22656.793,263.573,6.2,14984.4
XS1451122573 ISIN,2021/3/31,109.067,109.926,113.756,0.97,-0.859,22656.793,264.847,6.1,15712.4
XS1451122573 ISIN,2021/4/30,107.975,108.822,113.21,1.058,-0.847,23368.861,266.625,6.1,15915
XS1451122573 ISIN,2021/5/31,108.268,109.117,108.216,1.028,-0.849,23368.861,268.404,5.8,15950.5
XS1451122573 ISIN,2021/6/30,108.768,109.62,108.994,0.981,-0.852,23368.861,270.71,5.9,16183.6
XS1451122573 ISIN,2021/7/30,111.843,112.721,107.607,0.717,-0.878,23921.991,271.965,5.4,16223.5
XS1451122573 ISIN,2021/8/31,109.628,110.486,118.978,0.897,-0.858,23921.991,272.752,5.1,16390.6
XS1451122573 ISIN,2021/9/30,108.537,109.383,108.58,0.985,-0.846,23921.991,273.942,4.7,16477.5
XS1451122573 ISIN,2021/10/29,107.819,108.657,110.254,1.043,-0.838,24777.038,276.528,4.5,16694
XS1451122573 ISIN,2021/11/30,107.65,108.484,133.895,1.053,-0.834,24777.038,278.824,4.2,16849
XS1451122573 ISIN,2021/12/31,107.047,107.875,120.908,1.102,-0.828,24777.038,280.806,3.9,16905.5
XS1451122573 ISIN,2022/1/31,104.922,105.729,124.121,1.293,-0.807,25215.491,282.542,4,17017.8
XS1451122573 ISIN,2022/2/28,99.57,100.328,162.854,1.805,-0.758,25215.491,284.525,3.8,17136.1
XS1451122573 ISIN,2022/3/31,96.238,96.965,156.908,2.144,-0.727,25215.491,287.467,3.7,17371.4
XS1451122573 ISIN,2022/4/29,90.6,91.276,178.237,2.757,-0.676,25805.791,288.582,3.7,17493.8
XS1451122573 ISIN,2022/5/31,87.892,88.543,190.622,3.075,-0.651,25805.791,291.299,3.6,17569.9
XS1451122573 ISIN,2022/6/30,79.737,80.317,271.271,4.101,-0.58,25805.791,295.072,3.6,17747.6
XS1451122573 ISIN,2022/7/29,88.809,89.465,213.792,2.985,-0.656,26272.011,294.94,3.5,17744
XS1451122573 ISIN,2022/8/31,80.774,81.36,243.94,3.994,-0.586,26272.011,295.162,3.6,17897.5
XS1451122573 ISIN,2022/9/30,76.735,77.285,243.822,4.563,-0.55,26272.011,296.421,3.5,17987.2
XS1451122573 ISIN,2022/10/31,75.789,76.33,255.206,4.716,-0.541,26734.277,297.979,3.6,18096.2
XS1451122573 ISIN,2022/11/30,81.795,82.385,196.803,3.905,-0.59,26734.277,298.708,3.6,18094
XS1451122573 ISIN,2022/12/30,77.903,78.459,188.172,4.456,-0.556,26734.277,298.808,3.5,18134.6
XS1451122573 ISIN,2023/1/31,81.678,82.263,166.459,3.952,-0.585,27164.359,300.456,3.5,18475.2
XS1451122573 ISIN,2023/2/28,77.644,78.193,187.806,4.532,-0.549,27164.359,301.476,3.6,18532.1
XS1451122573 ISIN,2023/3/31,75.432,75.961,258.485,4.881,-0.529,27164.359,301.643,3.5,18511.3
XS1451122573 ISIN,2023/4/28,75.537,76.065,256.939,4.888,-0.528,27453.815,302.858,3.4,18638.7
XS1451122573 ISIN,2023/5/31,73.915,74.428,287.051,5.162,-0.513,27453.815,303.316,3.6,18676.4
XS1451122573 ISIN,2023/6/30,74.646,75.163,267.821,5.075,-0.517,27453.815,304.099,3.6,18742.1
XS1451122573 ISIN,2023/7/31,77.143,77.679,223.346,4.714,-0.536,27967.697,304.615,3.5,18850.5
XS1451122573 ISIN,2023/8/31,76.481,77.008,238.635,4.84,-0.527,27967.697,306.138,3.7,18911.6
XS1451122573 ISIN,2023/9/29,76.881,77.41,197.224,4.801,-0.529,27967.697,307.374,3.8,19024.9
XS1451122573 ISIN,2023/10/31,77.753,78.286,189.701,4.69,-0.533,28296.967,307.653,3.9,19069.5
XS1451122573 ISIN,2023/11/30,80.634,81.188,184.417,4.28,-0.554,28296.967,308.087,3.7,19151
XS1451122573 ISIN,2023/12/29,84.219,84.799,176.626,3.779,-0.58,28296.967,308.735,3.8,19289.9
XS1451122573 ISIN,2024/1/31,83.779,84.353,174.074,3.858,-0.574,28624.069,309.794,3.7,19308.5
XS1451122573 ISIN,2024/2/29,83.87,84.441,148.116,3.863,-0.571,28624.069,311.022,3.9,19412.7
XS1451122573 ISIN,2024/3/29,85.824,86.408,133.182,3.599,-0.584,28624.069,312.107,3.9,19553.2
XS1451122573 ISIN,2024/4/30,83.743,84.307,135.937,3.917,-0.564,29016.714,313.016,3.9,19603.3
XS1451122573 ISIN,2024/5/31,82.872,83.426,144.704,4.067,-0.554,29016.714,313.14,4,19697.3
XS1451122573 ISIN,2024/6/28,84.004,84.565,146.011,3.914,-0.561,29016.714,313.131,4.1,19747.5
XS1451122573 ISIN,2024/7/31,86.002,86.575,140.166,3.636,-0.573,29374.914,313.566,4.2,19866.3
XS1451122573 ISIN,2024/8/30,85.379,85.944,153.083,3.745,-0.565,29374.914,314.131,4.2,19905
XS1451122573 ISIN,2024/9/30,86.792,87.366,151.168,3.551,-0.574,29374.914,314.851,4.1,20044.1
XS1451122573 ISIN,2024/10/31,86.196,86.761,132.756,3.657,-0.565,29723.864,315.564,4.1,20123.2
XS1451122573 ISIN,2024/11/29,88.885,89.467,125.176,3.273,-0.582,29723.864,316.449,4.2,20235.1
XS1451122573 ISIN,2024/12/31,87.21,87.776,124.2,3.537,-0.566,29723.864,317.603,4.1,20408.1
US3130AE4K36 ISIN,2019/1/31,99.048,99.475,121.895,3.817,-0.427,21111.6,252.561,4,14084.6
US3130AE4K36 ISIN,2019/2/28,98.97,99.388,121.22,3.825,-0.418,21111.6,253.319,3.8,14117.4
US3130AE4K36 ISIN,2019/3/29,101.448,101.823,122.002,3.601,-0.375,21111.6,254.277,3.8,14248.6
US3130AE4K36 ISIN,2019/4/30,101.378,101.761,122.551,3.606,-0.383,21397.938,255.233,3.7,14290
US3130AE4K36 ISIN,2019/5/31,103.675,104.019,124.752,3.4,-0.344,21397.938,255.296,3.6,14353.3
US3130AE4K36 ISIN,2019/6/28,104.349,104.672,120.592,3.34,-0.323,21397.938,255.213,3.6,14408.7
US3130AE4K36 ISIN,2019/7/31,104.528,104.832,120.381,3.323,-0.304,21717.171,255.802,3.7,14496
US3130AE4K36 ISIN,2019/8/30,106.807,107.107,153.476,3.12,-0.3,21717.171,256.036,3.6,14558.2
US3130AE4K36 ISIN,2019/9/30,106.33,106.843,139.544,3.15,-0.513,21717.171,256.43,3.5,14590.6
US3130AE4K36 ISIN,2019/10/31,106.277,106.717,137.382,3.155,-0.44,21933.217,257.155,3.6,14617.4
US3130AE4K36 ISIN,2019/11/29,105.879,106.204,134.151,3.192,-0.325,21933.217,257.879,3.6,14711
US3130AE4K36 ISIN,2019/12/31,105.538,105.996,121.439,3.214,-0.458,21933.217,258.63,3.6,14774.8
US3130AE4K36 ISIN,2020/1/31,106.703,107.115,151.722,3.109,-0.412,21727.657,259.127,3.6,14844.3
US3130AE4K36 ISIN,2020/2/28,107.936,108.323,177.796,2.997,-0.387,21727.657,259.25,3.5,14833.8
US3130AE4K36 ISIN,2020/3/31,108.881,109.179,212.893,2.914,-0.298,21727.657,258.076,4.4,13810.5
US3130AE4K36 ISIN,2020/4/30,108.943,109.211,216.079,2.906,-0.268,19935.444,256.032,14.8,12234.4
US3130AE4K36 ISIN,2020/5/29,109.5,109.794,204.256,2.851,-0.294,19935.444,255.802,13.2,13251.7
US3130AE4K36 ISIN,2020/6/30,109.624,109.915,202.487,2.836,-0.291,19935.444,257.042,11,14040.8
US3130AE4K36 ISIN,2020/7/31,109.431,109.614,218.474,2.853,-0.183,21684.551,258.352,10.2,14303.8
US3130AE4K36 ISIN,2020/8/31,109.343,109.526,199.786,2.856,-0.183,21684.551,259.316,8.4,14454.9
US3130AE4K36 ISIN,2020/9/30,109.183,109.357,203.441,2.866,-0.174,21684.551,259.997,7.8,14675.4
US3130AE4K36 ISIN,2020/10/30,108.516,108.798,189.284,2.918,-0.282,22068.767,260.319,6.9,14726
US3130AE4K36 ISIN,2020/11/30,108.338,108.618,195.272,2.93,-0.28,22068.767,260.911,6.7,14704.9
US3130AE4K36 ISIN,2020/12/31,108.293,108.57,188.451,2.929,-0.277,22068.767,262.045,6.7,14827.3
US3130AE4K36 ISIN,2021/1/29,108.254,108.325,171.921,2.938,-0.071,22656.793,262.639,6.4,15081.5
US3130AE4K36 ISIN,2021/2/26,107.807,107.972,145.132,2.972,-0.165,22656.793,263.573,6.2,14984.4
US3130AE4K36 ISIN,2021/3/31,107.194,107.367,116.576,3.025,-0.173,22656.793,264.847,6.1,15712.4
US3130AE4K36 ISIN,2021/4/30,107.145,107.418,127.532,3.021,-0.273,23368.861,266.625,6.1,15915
US3130AE4K36 ISIN,2021/5/31,106.948,107.099,134.696,3.042,-0.151,23368.861,268.404,5.8,15950.5
US3130AE4K36 ISIN,2021/6/30,106.492,106.634,152.271,3.083,-0.142,23368.861,270.71,5.9,16183.6
US3130AE4K36 ISIN,2021/7/30,106.29,106.4,176.328,3.101,-0.11,23921.991,271.965,5.4,16223.5
US3130AE4K36 ISIN,2021/8/31,106.055,106.132,172.577,3.122,-0.077,23921.991,272.752,5.1,16390.6
US3130AE4K36 ISIN,2021/9/30,105.698,105.797,155.346,3.153,-0.099,23921.991,273.942,4.7,16477.5
US3130AE4K36 ISIN,2021/10/29,105.086,105.347,157.119,3.204,-0.261,24777.038,276.528,4.5,16694
US3130AE4K36 ISIN,2021/11/30,104.718,104.977,174.035,3.238,-0.259,24777.038,278.824,4.2,16849
US3130AE4K36 ISIN,2021/12/31,104.176,104.433,171.972,3.291,-0.257,24777.038,280.806,3.9,16905.5
US3130AE4K36 ISIN,2022/1/31,103.335,103.594,153.873,3.377,-0.259,25215.491,282.542,4,17017.8
US3130AE4K36 ISIN,2022/2/28,102.579,102.846,157.785,3.455,-0.267,25215.491,284.525,3.8,17136.1
US3130AE4K36 ISIN,2022/3/31,100.253,100.563,134.733,3.704,-0.31,25215.491,287.467,3.7,17371.4
US3130AE4K36 ISIN,2022/4/29,97.189,97.628,111.274,4.044,-0.439,25805.791,288.582,3.7,17493.8
US3130AE4K36 ISIN,2022/5/31,97.886,98.293,107.386,3.967,-0.407,25805.791,291.299,3.6,17569.9
US3130AE4K36 ISIN,2022/6/30,96.409,96.863,109.472,4.138,-0.454,25805.791,295.072,3.6,17747.6
US3130AE4K36 ISIN,2022/7/29,97.821,98.109,126.388,3.984,-0.288,26272.011,294.94,3.5,17744
US3130AE4K36 ISIN,2022/8/31,94.082,94.67,122.884,4.417,-0.588,26272.011,295.162,3.6,17897.5
US3130AE4K36 ISIN,2022/9/30,89.699,90.402,116.177,4.972,-0.703,26272.011,296.421,3.5,17987.2
US3130AE4K36 ISIN,2022/10/31,87.134,87.889,124.116,5.319,-0.755,26734.277,297.979,3.6,18096.2
US3130AE4K36 ISIN,2022/11/30,90.317,91.025,124.407,4.905,-0.708,26734.277,298.708,3.6,18094
US3130AE4K36 ISIN,2022/12/30,88.775,89.387,123.552,5.125,-0.612,26734.277,298.808,3.5,18134.6
US3130AE4K36 ISIN,2023/1/31,92.565,93.112,113.796,4.636,-0.547,27164.359,300.456,3.5,18475.2
US3130AE4K36 ISIN,2023/2/28,90.062,90.65,106.698,4.97,-0.588,27164.359,301.476,3.6,18532.1
US3130AE4K36 ISIN,2023/3/31,92.502,92.93,118.024,4.665,-0.428,27164.359,301.643,3.5,18511.3
US3130AE4K36 ISIN,2023/4/28,92.213,92.898,125.808,4.692,-0.685,27453.815,302.858,3.4,18638.7
US3130AE4K36 ISIN,2023/5/31,91.229,91.929,119.603,4.829,-0.7,27453.815,303.316,3.6,18676.4
US3130AE4K36 ISIN,2023/6/30,90.781,91.464,108.83,4.899,-0.683,27453.815,304.099,3.6,18742.1
US3130AE4K36 ISIN,2023/7/31,89.759,90.467,109.493,5.047,-0.708,27967.697,304.615,3.5,18850.5
US3130AE4K36 ISIN,2023/8/31,89.629,90.244,97.549,5.081,-0.615,27967.697,306.138,3.7,18911.6
US3130AE4K36 ISIN,2023/9/29,87.401,88.143,82.528,5.403,-0.742,27967.697,307.374,3.8,19024.9
US3130AE4K36 ISIN,2023/10/31,85.539,86.31,78.399,5.69,-0.771,28296.967,307.653,3.9,19069.5
US3130AE4K36 ISIN,2023/11/30,89.066,89.796,84.361,5.184,-0.73,28296.967,308.087,3.7,19151
US3130AE4K36 ISIN,2023/12/29,92.039,92.708,89.606,4.773,-0.669,28296.967,308.735,3.8,19289.9
US3130AE4K36 ISIN,2024/1/31,91.97,92.668,85.571,4.788,-0.698,28624.069,309.794,3.7,19308.5
US3130AE4K36 ISIN,2024/2/29,90.193,90.895,80.386,5.052,-0.702,28624.069,311.022,3.9,19412.7
US3130AE4K36 ISIN,2024/3/29,89.705,90.308,93.787,5.142,-0.603,28624.069,312.107,3.9,19553.2
US3130AE4K36 ISIN,2024/4/30,87.81,88.431,75.325,5.438,-0.621,29016.714,313.016,3.9,19603.3
US3130AE4K36 ISIN,2024/5/31,89.116,89.748,76.221,5.251,-0.632,29016.714,313.14,4,19697.3
US3130AE4K36 ISIN,2024/6/28,90.383,90.928,71.647,5.076,-0.545,29016.714,313.131,4.1,19747.5
US3130AE4K36 ISIN,2024/7/31,92.91,93.412,69.638,4.713,-0.502,29374.914,313.566,4.2,19866.3
US3130AE4K36 ISIN,2024/8/30,93.377,93.833,78.357,4.656,-0.456,29374.914,314.131,4.2,19905
US3130AE4K36 ISIN,2024/9/30,94.759,95.157,73.77,4.464,-0.398,29374.914,314.851,4.1,20044.1
US3130AE4K36 ISIN,2024/10/31,91.796,92.261,65.692,4.91,-0.465,29723.864,315.564,4.1,20123.2
US3130AE4K36 ISIN,2024/11/29,92.399,92.808,69.47,4.831,-0.409,29723.864,316.449,4.2,20235.1
US3130AE4K36 ISIN,2024/12/31,90.446,91.014,60.977,5.132,-0.568,29723.864,317.603,4.1,20408.1